@misc{website:esri-hadoop1,
      author = "ESRI",
      title = "MongoDB example code for adding a NoSQL Plug-in data source",
      month = "Mai",
      year = "2012",
      url = "http://blogs.esri.com/esri/arcgis/2012/05/02/mongodb-example-code-for-adding-a-nosql-plug-in-data-source/"
},

@misc{website:1,
      author = "Paolo Corti",
      title = "Thinking in GIS",
      month = "Dezember",
      year = "2009",
      url = "http://www.paolocorti.net/2009/12/06/using-mongodb-to-store-geographic-data/"
},

@misc{website:2,
      author = "Shashi Shekhar",
      title = "Spatial Big Data Challenges",
      month = "Juni",
      year = "2012",
      url = "http://www-users.cs.umn.edu/~shekhar/talk/2012/12.6.sbd.duke.pdf",
      note = "Präsentationsfolien"
},

@misc{website:esri-hadoop2,
      author = "ESRI",
      title = "GIS Tools for Hadoop",
      month = "",
      year = "2014",
      url = "http://esri.github.io/gis-tools-for-hadoop/"
},

@misc{website:3,
      author = "Ablimit Aji1, Fusheng Wang, Hoang Vo1, Rubao Lee, Qiaoling Liu1, Xiaodong Zhang, Joel Saltz",
      title = "Hadoop-GIS: A High Performance Spatial DataWarehousing System over MapReduce",
      month = "",
      year = "2013",
      url = "http://www.vldb.org/pvldb/vol6/p1009-aji.pdf"
},

@misc{website:4,
      author = "Hadoop Summit",
      title = "Geospatial Processing @ Monsanto",
      month = "",
      year = "2013",
      url = "http://de.slideshare.net/Hadoop_Summit/grailer-hochmuth-june27515pmroom212v3",
      note = "Präsentationsfolien"
},

@misc{website:esri-dahoop3,
      author = "ESRI",
      title = "Big Data: Using ArcGIS with Apache Hadoop",
      month = "Mai",
      year = "2013",
      url = "http://video.arcgis.com/watch/2394/big-data-using-arcgis-with-apache-hadoop"
},

@misc{website:9,
      author = "Wikipedia",
      title = "SciDB",
      month = "",
      year = "2014",
      url = "http://en.wikipedia.org/wiki/SciDB"
},

@misc{website:7,
      author = "rasdaman GmbH",
      title = "Rasdaman - raster data manager",
      month = "",
      year = "2014",
      url = "http://www.rasdaman.de/"
},

@misc{website:6,
      author = "",
      title = "Big Data Dictionary",
      month = "",
      year = "2014",
      url = "http://backstopmedia.booktype.pro/big-data-dictionary/"
},

@misc{website:5,
      author = "spatialhadoop.cs.umn.edu",
      title = "SpatialHadoop",
      month = "",
      year = "2013",
      url = "http://spatialhadoop.cs.umn.edu/"
},

@misc{website:10,
      author = "Denis Lussier",
      title = "BigSQL = Postgres + Hadoop",
      month = "",
      year = "2014",
      url = "http://www.openscg.com/wp-content/uploads/2013/03/NYC-PGday-BigSQL1.pdf"
}

%https://www.youtube.com/watch?v=_JCPf89s-NI