% This file was created with JabRef 2.4.2.

@misc{website:esri-hadoop1,
      author = "ESRI",
      title = "MongoDB example code for adding a NoSQL Plug-in data source",
      month = "Mai",
      year = "2012",
      url = "http://blogs.esri.com/esri/arcgis/2012/05/02/mongodb-example-code-for-adding-a-nosql-plug-in-data-source/"
},

@misc{website:1,
      author = "Paolo Corti",
      title = "Thinking in GIS",
      month = "Dezember",
      year = "2009",
      url = "http://www.paolocorti.net/2009/12/06/using-mongodb-to-store-geographic-data/"
},

@misc{website:2,
      author = "Shashi Shekhar",
      title = "Spatial Big Data Challenges",
      month = "Juni",
      year = "2012",
      url = "http://www-users.cs.umn.edu/~shekhar/talk/2012/12.6.sbd.duke.pdf",
      note = "Präsentationsfolien"
},

@misc{website:esri-hadoop2,
      author = "ESRI",
      title = "GIS Tools for Hadoop",
      month = "",
      year = "2014",
      url = "http://esri.github.io/gis-tools-for-hadoop/"
},

@misc{website:4,
      author = "Hadoop Summit",
      title = "Geospatial Processing @ Monsanto",
      month = "",
      year = "2013",
      url = "http://de.slideshare.net/Hadoop_Summit/grailer-hochmuth-june27515pmroom212v3",
      note = "Präsentationsfolien"
},

@misc{website:esri-dahoop3,
      author = "ESRI",
      title = "Big Data: Using ArcGIS with Apache Hadoop",
      month = "Mai",
      year = "2013",
      url = "http://video.arcgis.com/watch/2394/big-data-using-arcgis-with-apache-hadoop"
},

@misc{website:9,
      author = "Wikipedia",
      title = "SciDB",
      month = "",
      year = "2014",
      url = "http://en.wikipedia.org/wiki/SciDB"
},

@misc{website:7,
      author = "rasdaman GmbH",
      title = "Rasdaman - raster data manager",
      month = "",
      year = "2014",
      url = "http://www.rasdaman.de/"
},

@misc{website:6,
      author = "",
      title = "Big Data Dictionary",
      month = "",
      year = "2014",
      url = "http://backstopmedia.booktype.pro/big-data-dictionary/"
},

@misc{website:5,
      author = "spatialhadoop.cs.umn.edu",
      title = "SpatialHadoop",
      month = "",
      year = "2013",
      url = "http://spatialhadoop.cs.umn.edu/"
},

@misc{website:10,
      author = "Denis Lussier",
      title = "BigSQL = Postgres + Hadoop",
      month = "",
      year = "2014",
      url = "http://www.openscg.com/wp-content/uploads/2013/03/NYC-PGday-BigSQL1.pdf"
},

@misc{website:10,
      author = "J. Chris Anderson, Jan Lehnardt,  Noah Slater",
      title = "CouchDB Die Definitive Referenz",
      month = "",
      year = "2014",
      url = "http://guide.couchdb.org/editions/1/de/preface.html"
},

%https://www.youtube.com/watch?v=_JCPf89s-NI

@misc{website:HDFS,
      author = "Dhruba Borthakur",
      title = "The Hadoop Distributed File System: Architecture and Design",
      month = "",
      year = "2014",
      url = "https://hadoop.apache.org/docs/r0.18.0/hdfs_design.pdf"
},



@book{book:kudrass,
      editor = "Thomas Kudraß",
      publisher = "Hanser",
      title = "Taschenbuch Datenbanken",
      year = "2007"
},

@book{book:gi-theopluspraxis2,
      author = "Norbert de Lange",
      publisher = "Springer",
      title = "Geoinformatik in Theorie und Praxis",
      year = "2006",
      volume = "2"
},

@book{book:gi-theopluspraxis3,
      author = "Norbert de Lange",
      publisher = "Springer",
      title = "Geoinformatik in Theorie und Praxis",
      year = "2013",
      volume = "3"
},

@book{book:gi-theopluspraxis,
      author = "Philippe Rigaux, Michel Scholl, Agnes Voisard",
      publisher = "Morgan Kaufmann Publishers",
      title = "Spatial Databases with Application to GIS",
      year = "2002"
},


@book{book:mongodb-inaction,
      author = "Kyle Banker",
      publisher = "Manning",
      title = "MongoDB in Action",
      year = "2012"
},


@book{book:hadoop-inaction,
      author = "Chuck Lam",
      publisher = "Manning",
      title = "Hadoop in Action",
      year = "2011"
},


@book{book:mongodb-tdg,
      author = "Kristina Chadorow",
      publisher = "O`Reilly",
      title = "MongoDB the definite Guide",
      year = "2013",
      volume = "2"
},

@techreport{paper:ownspatial,
      author = "Ablimit Aji1, Fusheng Wang, Hoang Vo1, Rubao Lee, Qiaoling Liu1, Xiaodong Zhang, Joel Saltz",
      title = "Hadoop-GIS: A High Performance Spatial DataWarehousing System over MapReduce",
      year = "2013",
      institution = "National Technology Research and Development Program of China"
},

@mastersthesis{ba:dan,
      author = "Dan Häberlein",
      school = "Universität Leipzig",
      type = "Bachelor Thesis",
      title = "Migration und Extrahierung von Datensätzen mittels spaltenorientierten Datenbanken am Beispiel von Apache HBase",
      year = "2013",
      month = "September",
      note = "Wirtschaftswissenschaftliche Fakultät"
},

@mastersthesis{ba:nosqlfuergeodaten,
      author = "Benjamin Thurm",
      school = "Hochschule für Technik und Wirtschaft Dresden",
      type = "Bachelor Thesis",
      title = "Einsatz von NoSQL-Datenbanksystemen für Geodaten",
      year = "2012",
      month = "Februar",
      note = "Geoinformation und Vermessungswesen"
},

@mastersthesis{ma:neo4j,
      author = "Bart Baas",
      school = "TU Delf, Universität Utrecht",
      type = "Master Thesis",
      title = "NoSQL spatial Neo4j versus PostGIS",
      year = "2012",
      month = "Mai",
      note = "Geographical Information Management and Applications"
},

@book{book:nosql-einfuehrung,
      author = "Stefan Edlich, Achim Friedland, Jens Hampe, Benjamin Brauer, Markus Brückner",
      publisher = "Hanser",
      title = "NoSQL Einstieg in die Welt Nichtrelationaler Web 2.0 Datenbanken",
      year = "2011",
      volume = "2"
},

@techreport{paper:hadoop,
      author = "Dhruba Borthakur",
      title = "The Hadoop Distributed File System, Architecture and Design",
      year = "2007",
      institution = "The Apache Software Foundation"
},

@book{book:hbaseinaction,
      author = "NICK DIMIDUK, AMANDEEP KHURANA",
      publisher = "Manning",
      title = "HBase in Action",
      year = "2013"
},

@techreport{paper:mapreduce,
      author = "Jeffrey Dean, Sanjay Ghemawat",
      title = "MapReduce, Simplified Data Processing on Large Clusters",
      year = "2004",
      institution = "Google, Inc."
}
